<?xml version="1.0" encoding="UTF-8"?><collection xmlns="http://www.loc.gov/MARC21/slim"><record><leader>00408nam--2200169-i-4500</leader><controlfield tag="001">000046696</controlfield><controlfield tag="002">20161230</controlfield><controlfield tag="005">20170123161327</controlfield><controlfield tag="008">060222s1000------------r-----000-0-eng-d</controlfield><datafield ind1=" " ind2=" " tag="080"><subfield code="a">51(075.8)</subfield></datafield><datafield ind1=" " ind2=" " tag="100"><subfield code="a">Vlasov, A. K</subfield></datafield><datafield ind1=" " ind2=" " tag="245"><subfield code="a">Curs de matematica superioara</subfield></datafield><datafield ind1=" " ind2=" " tag="260"><subfield code="a">Bucuresti</subfield><subfield code="b">Ed.Tehnica</subfield><subfield code="c">1951</subfield></datafield><datafield ind1=" " ind2=" " tag="300"><subfield code="a">470 p.+100 Fig</subfield></datafield><datafield ind1=" " ind2=" " tag="490"><subfield code="v">Vol. II</subfield></datafield><datafield ind1=" " ind2=" " tag="852"><subfield code="a">2851</subfield></datafield><datafield ind1=" " ind2=" " tag="CAT"><subfield code="a">SYS</subfield><subfield code="c">20170123</subfield><subfield code="h">161327</subfield></datafield></record></collection>